<record><leader>00000cas a2200000 a 4500</leader><controlfield tag="001">1801632</controlfield><controlfield tag="008">751103d19211955fluwr ne      0    0eng c</controlfield><datafield ind1=" " ind2=" " tag="010"><subfield code="a">sn 96027136 </subfield></datafield><datafield ind1=" " ind2=" " tag="040"><subfield code="a">FUL</subfield><subfield code="b">eng</subfield><subfield code="c">FUL</subfield><subfield code="d">OCL</subfield><subfield code="d">FUG</subfield><subfield code="d">OCLCQ</subfield><subfield code="d">OCLCF</subfield><subfield code="d">OCLCO</subfield></datafield><datafield ind1=" " ind2=" " tag="012"><subfield code="i">9602</subfield></datafield><datafield ind1="1" ind2=" " tag="029"><subfield code="a">AU@</subfield><subfield code="b">000025919140</subfield></datafield><datafield ind1=" " ind2=" " tag="042"><subfield code="a">pcc</subfield></datafield><datafield ind1=" " ind2=" " tag="043"><subfield code="a">n-us-fl</subfield></datafield><datafield ind1="0" ind2="4" tag="245"><subfield code="a">The Hardee County herald.</subfield></datafield><datafield ind1=" " ind2=" " tag="260"><subfield code="a">Zolfo Springs, Hardee Co. [Fla. :</subfield><subfield code="b">s.n.],</subfield><subfield code="c">1921-1955.</subfield></datafield><datafield ind1=" " ind2=" " tag="300"><subfield code="a">34 v.</subfield></datafield><datafield ind1=" " ind2=" " tag="310"><subfield code="a">Weekly</subfield></datafield><datafield ind1="0" ind2=" " tag="362"><subfield code="a">Vol. 8, no. 38 (July 16, 1921)- ; -41st year, no. 51 (Aug. 26, 1955).</subfield></datafield><datafield ind1=" " ind2=" " tag="500"><subfield code="a">Editor: Stweart Hancock, 1921-</subfield></datafield><datafield ind1=" " ind2=" " tag="500"><subfield code="a">Publisher: M.A. Farmer, &lt;1938&gt;; Wm. J. Kelly, Sept. 5, 1941-</subfield></datafield><datafield ind1=" " ind2=" " tag="500"><subfield code="a">"The people's paper."</subfield></datafield><datafield ind1=" " ind2=" " tag="500"><subfield code="a">Published at Zolfo Springs, Fla., 1921-Sept. 9, 1922; at Wauchula, Fla., Sept. 16, 1922-1955.</subfield></datafield><datafield ind1=" " ind2="0" tag="651"><subfield code="a">Zolfo Springs (Fla.)</subfield><subfield code="v">Newspapers.</subfield></datafield><datafield ind1=" " ind2="0" tag="651"><subfield code="a">Wauchula (Fla.)</subfield><subfield code="v">Newspapers.</subfield></datafield><datafield ind1=" " ind2="0" tag="651"><subfield code="a">Hardee County (Fla.)</subfield><subfield code="v">Newspapers.</subfield></datafield><datafield ind1=" " ind2="7" tag="655"><subfield code="a">Newspapers.</subfield><subfield code="2">fast</subfield><subfield code="0">(OCoLC)fst01423814</subfield></datafield><datafield ind1=" " ind2="7" tag="651"><subfield code="a">Florida</subfield><subfield code="z">Hardee County.</subfield><subfield code="2">fast</subfield><subfield code="0">(OCoLC)fst01216885</subfield></datafield><datafield ind1=" " ind2="7" tag="651"><subfield code="a">Florida</subfield><subfield code="z">Wauchula.</subfield><subfield code="2">fast</subfield><subfield code="0">(OCoLC)fst01208701</subfield></datafield><datafield ind1=" " ind2="7" tag="651"><subfield code="a">Florida</subfield><subfield code="z">Zolfo Springs.</subfield><subfield code="2">fast</subfield><subfield code="0">(OCoLC)fst01216765</subfield></datafield><datafield ind1=" " ind2=" " tag="752"><subfield code="a">United States</subfield><subfield code="b">Florida</subfield><subfield code="c">Hardee</subfield><subfield code="d">Wauchula.</subfield></datafield><datafield ind1=" " ind2=" " tag="752"><subfield code="a">United States</subfield><subfield code="b">Florida</subfield><subfield code="c">Hardee</subfield><subfield code="d">Zolfo Springs.</subfield></datafield><datafield ind1="0" ind2="0" tag="780"><subfield code="t">Zolfo Springs truth</subfield><subfield code="w">(DLC)sn 97027547</subfield><subfield code="w">(OCoLC)36669553</subfield></datafield><datafield ind1="0" ind2="7" tag="785"><subfield code="t">Florida advocate (Wauchula, Fla.)</subfield><subfield code="w">(DLC)sn 96027137</subfield><subfield code="w">(OCoLC)1374619</subfield></datafield><datafield ind1="0" ind2="7" tag="785"><subfield code="t">Herald-advocate</subfield><subfield code="w">(DLC)sn 95047483</subfield><subfield code="w">(OCoLC)33886547</subfield></datafield><datafield ind1=" " ind2=" " tag="850"><subfield code="a">FU</subfield></datafield></record>